<collection xmlns="http://www.loc.gov/MARC21/slim">
<record>
  <leader>02358nam0a2200385 i 450 </leader>
  <controlfield tag="001">IT\ICCU\CNCE\003250</controlfield>
  <controlfield tag="005">20150910000000.0</controlfield>
  <datafield tag="012" ind1=" " ind2=" ">
    <subfield code="a">e.a- usma e,do FIth (C) 1576 (R)</subfield>
    <subfield code="2">fei</subfield>
  </datafield>
  <datafield tag="100" ind1=" " ind2=" ">
    <subfield code="a">19970101d1576        0itac0103    ba</subfield>
  </datafield>
  <datafield tag="101" ind1=" " ind2=" ">
    <subfield code="a">LAT</subfield>
  </datafield>
  <datafield tag="102" ind1=" " ind2=" ">
    <subfield code="a">IT</subfield>
  </datafield>
  <datafield tag="200" ind1="1" ind2=" ">
    <subfield code="a">Hoc volumine contenta. Asclepii ex voce Ammonii Hermeae in methaphysicam Aristotelis praefatio, interprete Marcello Pepio. Dantis Alagherii profundissima quaestio de figura elementorum ... Francisci Storellae adnotationes in praefationem Asclepii</subfield>
  </datafield>
  <datafield tag="210" ind1=" " ind2=" ">
    <subfield code="a">Neapoli</subfield>
    <subfield code="c">apud Horatium Saluianum</subfield>
    <subfield code="d">1576</subfield>
    <subfield code="e">Neapoli</subfield>
    <subfield code="g">apud Horatium Saluianum</subfield>
    <subfield code="h">1576</subfield>
  </datafield>
  <datafield tag="215" ind1=" " ind2=" ">
    <subfield code="a">\32! c.</subfield>
    <subfield code="d">fol</subfield>
  </datafield>
  <datafield tag="620" ind1=" " ind2=" ">
    <subfield code="a">IT</subfield>
    <subfield code="d">Napoli</subfield>
  </datafield>
  <datafield tag="700" ind1=" " ind2="0">
    <subfield code="a">Asclepius</subfield>
    <subfield code="c"> : Trallianus</subfield>
    <subfield code="3">IT\ICCU\CNCA\000925</subfield>
  </datafield>
  <datafield tag="702" ind1=" " ind2="1">
    <subfield code="a">Storella,</subfield>
    <subfield code="b">Francesco Maria</subfield>
    <subfield code="3">IT\ICCU\CNCA\000316</subfield>
  </datafield>
  <datafield tag="702" ind1=" " ind2="1">
    <subfield code="a">Pepio,</subfield>
    <subfield code="b">Marcello</subfield>
    <subfield code="3">IT\ICCU\CNCA\000317</subfield>
  </datafield>
  <datafield tag="702" ind1=" " ind2="1">
    <subfield code="a">Alighieri,</subfield>
    <subfield code="b">Dante</subfield>
    <subfield code="3">IT\ICCU\CNCA\000318</subfield>
  </datafield>
  <datafield tag="712" ind1="0" ind2="0">
    <subfield code="a">Salviani, Orazio</subfield>
    <subfield code="3">IT\ICCU\CNCT\000065</subfield>
    <subfield code="4">650</subfield>
  </datafield>
  <datafield tag="790" ind1=" " ind2="0">
    <subfield code="a">Asclepius</subfield>
    <subfield code="c"> : Trallensis</subfield>
    <subfield code="3">IT\ICCU\CNCA\027244</subfield>
    <subfield code="z">Asclepius : Trallianus</subfield>
  </datafield>
  <datafield tag="790" ind1=" " ind2="0">
    <subfield code="a">Aesculapius</subfield>
    <subfield code="3">IT\ICCU\CNCA\027245</subfield>
    <subfield code="z">Asclepius : Trallianus</subfield>
  </datafield>
  <datafield tag="790" ind1=" " ind2="1">
    <subfield code="a">Storella,</subfield>
    <subfield code="b">Franciscus</subfield>
    <subfield code="3">IT\ICCU\CNCA\024449</subfield>
    <subfield code="z">Storella, Francesco Maria</subfield>
  </datafield>
  <datafield tag="790" ind1=" " ind2="1">
    <subfield code="a">Pepius,</subfield>
    <subfield code="b">Marcellus</subfield>
    <subfield code="3">IT\ICCU\CNCA\021941</subfield>
    <subfield code="z">Pepio, Marcello</subfield>
  </datafield>
  <datafield tag="791" ind1="0" ind2="2">
    <subfield code="a">Officina Salviana</subfield>
    <subfield code="c"> &lt;Napoli&gt;</subfield>
    <subfield code="3">IT\ICCU\CNCT\003024</subfield>
    <subfield code="z">Salviani, Orazio</subfield>
  </datafield>
  <datafield tag="791" ind1="0" ind2="0">
    <subfield code="a">Salvianus, Horatius</subfield>
    <subfield code="3">IT\ICCU\CNCT\005547</subfield>
    <subfield code="z">Salviani, Orazio</subfield>
  </datafield>
  <datafield tag="801" ind1=" " ind2="3">
    <subfield code="a">IT</subfield>
    <subfield code="b">ICCU</subfield>
    <subfield code="c">20201113</subfield>
  </datafield>
  <datafield tag="899" ind1=" " ind2=" ">
    <subfield code="a">Biblioteca nazionale centrale. Firenze</subfield>
    <subfield code="1">FI0098</subfield>
    <subfield code="2">CFI CF</subfield>
  </datafield>
  <datafield tag="899" ind1=" " ind2=" ">
    <subfield code="a">Biblioteca nazionale Vittorio Emanuele III. Napoli</subfield>
    <subfield code="1">NA0079</subfield>
    <subfield code="2">NAP BN</subfield>
  </datafield>
  <datafield tag="899" ind1=" " ind2=" ">
    <subfield code="a">Biblioteca nazionale centrale. Roma</subfield>
    <subfield code="1">RM0267</subfield>
    <subfield code="2">BVE CR</subfield>
  </datafield>
  <datafield tag="899" ind1=" " ind2=" ">
    <subfield code="a">Biblioteca dell&apos;Accademia nazionale dei Lincei e Corsiniana. Roma</subfield>
    <subfield code="1">RM0418</subfield>
    <subfield code="2">RML 10</subfield>
  </datafield>
  <datafield tag="911" ind1=" " ind2=" ">
    <subfield code="a">Sul front.</subfield>
    <subfield code="9">IT\ICCU\CNCM\000236</subfield>
  </datafield>
  <datafield tag="911" ind1=" " ind2=" ">
    <subfield code="a">Nel colophon</subfield>
    <subfield code="9">IT\ICCU\CNCM\001893</subfield>
  </datafield>
  <datafield tag="921" ind1=" " ind2=" ">
    <subfield code="a">IT\ICCU\CNCM\000236</subfield>
    <subfield code="b">Pellegrino in cammino con il bordone in spalla. Sullo sfondo paesaggio con una costellazione di nove stelle. In cornice.</subfield>
    <subfield code="e">Peregrinus sum a iuventute mea</subfield>
    <subfield code="c">V35</subfield>
    <subfield code="c">Z949</subfield>
    <subfield code="d">Dimensioni: 5 x 6,5</subfield>
    <subfield code="f">BORDONE</subfield>
    <subfield code="f">PELLEGRINO</subfield>
    <subfield code="f">PEREGRINUS</subfield>
    <subfield code="f">STELLE</subfield>
    <subfield code="g">1567-1580</subfield>
  </datafield>
  <datafield tag="921" ind1=" " ind2=" ">
    <subfield code="a">IT\ICCU\CNCM\001893</subfield>
    <subfield code="b">Pellegrino in cammino con il bordone in spalla. Sullo sfondo paesaggio. In cornice.</subfield>
    <subfield code="e">Peregrinati(o) e(st) vita nostra supe(r) ter(ram)</subfield>
    <subfield code="c">Z948</subfield>
    <subfield code="f">PELLEGRINO</subfield>
    <subfield code="f">VITANOSTRA</subfield>
    <subfield code="g">1576-1580</subfield>
  </datafield>
</record>
</collection>
